@online{cancertoday,
    author = "{Ferlay J, Ervik M, Lam F, Colombet M, Mery L, Piñeros M, Znaor A, Soerjomataram I, Bray F}",
    title = "Global Cancer Observatory: Cancer Today. Lyon, France: International Agency for Research on Cancer",
    year = "2020",
    url = "https://gco.iarc.fr/today",
    note = "[Online; accessed 10-August-2023]"
  }

@online{WHOtop10,
    author = "{World Health Organization}",
    title = "The top 10 causes of death",
    year = "2020",
    url = "https://www.who.int/news-room/fact-sheets/detail/the-top-10-causes-of-death",
    note = "[Online; accessed 10-August-2023]"
  }

@article{margozzini2018encuesta,
  title={Encuesta Nacional de Salud, ENS 2016-2017: un aporte a la planificaci{\'o}n sanitaria y pol{\'\i}ticas p{\'u}blicas en Chile},
  author={Margozzini, Paula and Passi, {\'A}lvaro},
  journal={ARS MEDICA Revista de Ciencias M{\'e}dicas},
  volume={43},
  number={1},
  pages={30--34},
  year={2018}
}

@article{yang2022calorie,
  title={Calorie restriction causes multiple beneficial metabolic adaptations linearly related with the degree of weight loss in non-obese individuals: Results of CALERIE, a multicenter randomised controlled trial},
  author={Yang, Lin and Veronese, Nicola and Harper, Andrew and Piccio, Laura and Twigg, Stephen M and Fontana, Luigi},
  journal={Nutrition and Healthy Aging},
  number={Preprint},
  pages={1--11},
  year={2022},
  publisher={IOS Press}
}

@article{sun2023effect,
  title={The effect of dietary carbohydrate and calorie restriction on weight and metabolic health in overweight/obese individuals: a multi-center randomized controlled trial},
  author={Sun, Jia and Ruan, Yuting and Xu, Ningning and Wu, Peili and Lin, Nie and Yuan, Kun and An, Shengli and Kang, Pei and Li, Shu and Huang, Qiya and others},
  journal={BMC medicine},
  volume={21},
  number={1},
  pages={192},
  year={2023},
  publisher={Springer}
}

@article{templeman2021randomized,
  title={A randomized controlled trial to isolate the effects of fasting and energy restriction on weight loss and metabolic health in lean adults},
  author={Templeman, Iain and Smith, Harry Alex and Chowdhury, Enhad and Chen, Yung-Chih and Carroll, Harriet and Johnson-Bonson, Drusus and Hengist, Aaron and Smith, Rowan and Creighton, Jade and Clayton, David and others},
  journal={Science translational medicine},
  volume={13},
  number={598},
  pages={eabd8034},
  year={2021},
  publisher={American Association for the Advancement of Science}
}

@article{nasserifar2023thu272,
  title={THU272 Early Time Restricted Feeding As a Weight Neutral Approach To Improved Glycemic Variation},
  author={Nasserifar, Shabnam and Bruno, Joanne and Vanegas, Sally and Popp, Collin and Walker, Jeanne M and Aleman Diaz, Jose Orlando},
  journal={Journal of the Endocrine Society},
  volume={7},
  number={Supplement\_1},
  pages={bvad114--708},
  year={2023},
  publisher={Oxford University Press US}
}

@article{freire2020scientific,
  title={Scientific evidence of diets for weight loss: Different macronutrient composition, intermittent fasting, and popular diets},
  author={Freire, Rachel},
  journal={Nutrition},
  volume={69},
  pages={110549},
  year={2020},
  publisher={Elsevier}
}

@article{lange2023metabolic,
  title={Metabolic changes following intermittent fasting: A rapid review of systematic reviews},
  author={Lange, Maria G and Coffey, Alice A and Coleman, Paul C and Barber, Thomas M and Van Rens, Thijs and Oyebode, Oyinlola and Abbott, Sally and Hanson, Petra},
  journal={Journal of Human Nutrition and Dietetics},
  year={2023},
  publisher={Wiley Online Library}
}

@article{zhangcomparing,
  title={Comparing the Effectiveness of the Ketogenic Diet and Intermittent Fasting on 12-Weeks Weight Management in Women with Obesity},
  author={Zhang, Zihan}
}

@article{ferri2023time,
  title={Time-Restricted Feeding and Weight Loss in Obesity: A Mini Review on the Impacts on Skeletal Muscle Mass},
  author={Ferri Antonio, Guilherme Correia and Ramos da Silva, Adelino Sanchez and De Freitas, Ellen Cristini and Pauli, Jos{\'e} Rodrigo},
  journal={Obesities},
  volume={3},
  number={3},
  pages={218--224},
  year={2023},
  publisher={MDPI}
}

@article{mishra2023time,
  title={Time-Restricted Eating and Its Metabolic Benefits},
  author={Mishra, Sneha and Persons, Patress A and Lorenzo, Andrea M and Chaliki, Swarna S and Bersoux, Sophie},
  journal={Journal of Clinical Medicine},
  volume={12},
  number={22},
  pages={7007},
  year={2023},
  publisher={MDPI}
}

@article{dambha2020behaviour,
  title={Behaviour change, weight loss and remission of Type 2 diabetes: a community-based prospective cohort study},
  author={Dambha-Miller, Hajira and Day, Alexander J and Strelitz, Jean and Irving, Greg and Griffin, Simon J},
  journal={Diabetic Medicine},
  volume={37},
  number={4},
  pages={681--688},
  year={2020},
  publisher={Wiley Online Library}
}

@article{talebi2023effects,
  title={The effects of intermittent fasting diet alone or in combination with probiotic supplementation in comparison with calorie-restricted diet on metabolic and hormonal profile in patients with polycystic ovary syndrome: study protocol for a randomized clinical trial},
  author={Talebi, Sepide and Shab-Bidar, Sakineh and Mohammadi, Hamed and Moini, Ashraf and Djafarian, Kurosh},
  journal={Trials},
  volume={24},
  number={1},
  pages={690},
  year={2023},
  publisher={Springer}
}

@article{vasim2022intermittent,
  title={Intermittent fasting and metabolic health},
  author={Vasim, Izzah and Majeed, Chaudry N and DeBoer, Mark D},
  journal={Nutrients},
  volume={14},
  number={3},
  pages={631},
  year={2022},
  publisher={MDPI}
}

@article{nebeling1995effects,
  title={Effects of a Ketogenic Diet on Tumor Metabolism and Nutritional Status in Pediatric Oncology Patients: Two},
  author={Nebeling, Linda C and Shurin, Susan B and Lerner, Edith and LD, FACN},
  journal={Journal of the American College of Nutrition},
  volume={14},
  number={2},
  pages={202--208},
  year={1995}
}

@article{most2017calorie,
  title={Calorie restriction in humans: an update},
  author={Most, Jasper and Tosti, Valeria and Redman, Leanne M and Fontana, Luigi},
  journal={Ageing research reviews},
  volume={39},
  pages={36--45},
  year={2017},
  publisher={Elsevier}
}

@article{flanagan2020calorie,
  title={Calorie restriction and aging in humans},
  author={Flanagan, Emily W and Most, Jasper and Mey, Jacob T and Redman, Leanne M},
  journal={Annual review of nutrition},
  volume={40},
  pages={105--133},
  year={2020},
  publisher={Annual Reviews}
}

@article{simone2017design,
  title={The design and implementation of caloric restriction for oncology research (CaReFOR): Is starving cancer cells in the clinical realm feasible?},
  author={Simone, Brittany A and Anne, Pramila Rani and Ko, Kevin and Sarich, Mak and Strickland, Kimberly and Monti, Daniel and Berger, Adam C and Simone, Nicole L},
  journal={Hematol Med Oncol},
  year={2017}
}

@misc{masood2020ketogenic,
  title={Ketogenic Diet. StatPearls},
  author={Masood, W and Annamaraju, P and Uppaluri, KR},
  year={2020},
  publisher={StatPearls Publishing}
}

@online{international2023,
    author = "{International Food Information Council}",
    title = "2023 Food and Health Survey",
    year = "2023",
    url = "https://foodinsight.org/2023-food-and-health-survey/",
    note = "[Online; accessed 17-August-2023]"
  }

@article{madeo2019caloric,
  title={Caloric restriction mimetics against age-associated disease: targets, mechanisms, and therapeutic potential},
  author={Madeo, Frank and Carmona-Gutierrez, Didac and Hofer, Sebastian J and Kroemer, Guido},
  journal={Cell metabolism},
  volume={29},
  number={3},
  pages={592--610},
  year={2019},
  publisher={Elsevier}
}

@inproceedings{alidadi2021effect,
  title={The effect of caloric restriction and fasting on cancer},
  author={Alidadi, Mona and Banach, Maciej and Guest, Paul C and Bo, Simona and Jamialahmadi, Tannaz and Sahebkar, Amirhossein},
  booktitle={Seminars in Cancer Biology},
  volume={73},
  pages={30--44},
  year={2021},
  organization={Elsevier}
}

@article{klement2014calories,
  title={Calories, carbohydrates, and cancer therapy with radiation: exploiting the five R’s through dietary manipulation},
  author={Klement, Rainer J and Champ, Colin E},
  journal={Cancer and Metastasis Reviews},
  volume={33},
  number={1},
  pages={217--229},
  year={2014},
  publisher={Springer}
}

@article{trepanowski2018effects,
  title={Effects of alternate-day fasting or daily calorie restriction on body composition, fat distribution, and circulating adipokines: secondary analysis of a randomized controlled trial},
  author={Trepanowski, John F and Kroeger, Cynthia M and Barnosky, Adrienne and Klempel, Monica and Bhutani, Surabhi and Hoddy, Kristin K and Rood, Jennifer and Ravussin, Eric and Varady, Krista A},
  journal={Clinical Nutrition},
  volume={37},
  number={6},
  pages={1871--1878},
  year={2018},
  publisher={Elsevier}
}

@article{kharazi1994combined,
  title={Combined chronic low dose radiation-caloric restriction: a model for regression of spontaneous mammary tumor},
  author={Kharazi, AI and James, SJ and Taylor, JMG and Lubinski, JM and Nakamura, LT and Makinodan, T},
  journal={International Journal of Radiation Oncology* Biology* Physics},
  volume={28},
  number={3},
  pages={641--647},
  year={1994},
  publisher={Elsevier}
}

@article{safdie2012fasting,
  title={Fasting enhances the response of glioma to chemo-and radiotherapy},
  author={Safdie, Fernando and Brandhorst, Sebastian and Wei, Min and Wang, Weijun and Lee, Changhan and Hwang, Saewon and Conti, Peter S and Chen, Thomas C and Longo, Valter D},
  year={2012},
  publisher={Public Library of Science San Francisco, USA}
}


@article{saleh2013caloric,
  title={Caloric restriction augments radiation efficacy in breast cancer},
  author={Saleh, Anthony D and Simone, Brittany A and Palazzo, Juan and Savage, Jason E and Sano, Yuri and Dan, Tu and Jin, Lianjin and Champ, Colin E and Zhao, Shuping and Lim, Meng and others},
  journal={Cell cycle},
  volume={12},
  number={12},
  pages={1955},
  year={2013},
  publisher={Taylor \& Francis}
}

@article{simone2016caloric,
  title={Caloric restriction coupled with radiation decreases metastatic burden in triple negative breast cancer},
  author={Simone, Brittany A and Dan, Tu and Palagani, Ajay and Jin, Lianjin and Han, Sunny Y and Wright, Christopher and Savage, Jason E and Gitman, Robert and Lim, Meng Kieng and Palazzo, Juan and others},
  journal={Cell Cycle},
  volume={15},
  number={17},
  pages={2265--2274},
  year={2016},
  publisher={Taylor \& Francis}
}

@article{mercier2022dietary,
  title={Dietary Interventions in Cancer Treatment and Response: A Comprehensive Review},
  author={Mercier, Benjamin D and Tizpa, Eemon and Philip, Errol J and Feng, Qianhua and Huang, Ziyi and Thomas, Reeny M and Pal, Sumanta K and Dorff, Tanya B and Li, Yun R},
  journal={Cancers},
  volume={14},
  number={20},
  pages={5149},
  year={2022},
  publisher={MDPI}
}

@article{rock2022american,
  title={American Cancer Society nutrition and physical activity guideline for cancer survivors},
  author={Rock, Cheryl L and Thomson, Cynthia A and Sullivan, Kristen R and Howe, Carol L and Kushi, Lawrence H and Caan, Bette J and Neuhouser, Marian L and Bandera, Elisa V and Wang, Ying and Robien, Kimberly and others},
  journal={CA: a cancer journal for clinicians},
  volume={72},
  number={3},
  pages={230--262},
  year={2022},
  publisher={Wiley Online Library}
}

@article{sanft2022survivorship,
  title={Survivorship, Version 1.2022 Featured Updates to the NCCN Guidelines},
  author={Sanft, Tara and Day, Andrew and Peterson, Lindsay and Rodriguez, M Alma and Ansbaugh, Shannon and Armenian, Saro and Baker, K Scott and Ballinger, Tarah and Broderick, Gregory and Demark-Wahnefried, Wendy and others},
  journal={JNCCN Journal of the National Comprehensive Cancer Network},
  volume={20},
  number={10},
  pages={1080--1090},
  year={2022},
  publisher={Cold Spring Publishing LLC}
}
@article{muscaritoli2021espen,
  title={ESPEN practical guideline: Clinical Nutrition in cancer},
  author={Muscaritoli, Maurizio and Arends, Jann and Bachmann, Patrick and Baracos, Vickie and Barthelemy, Nicole and Bertz, Hartmut and Bozzetti, Federico and H{\"u}tterer, Elisabeth and Isenring, Elizabeth and Kaasa, Stein and others},
  journal={Clinical Nutrition},
  volume={40},
  number={5},
  pages={2898--2913},
  year={2021},
  publisher={Elsevier}
}

@article{ligibel2022exercise,
  title={Exercise, diet, and weight management during cancer treatment: ASCO guideline},
  author={Ligibel, Jennifer A and Bohlke, Kari and May, Anne M and Clinton, Steven K and Demark-Wahnefried, Wendy and Gilchrist, Susan C and Irwin, Melinda L and Late, Michele and Mansfield, Sami and Marshall, Timothy F and others},
  journal={Journal of Clinical Oncology},
  volume={40},
  number={22},
  pages={2491--2507},
  year={2022},
  publisher={Wolters Kluwer}
}

@article{icard2020perspective,
  title={Perspective: do fasting, caloric restriction, and diets increase sensitivity to radiotherapy? A literature review},
  author={Icard, Philippe and Ollivier, Luc and Forgez, Patricia and Otz, Joelle and Alifano, Marco and Fournel, Ludovic and Loi, Mauro and Thariat, Juliette},
  journal={Advances in Nutrition},
  volume={11},
  number={5},
  pages={1089--1101},
  year={2020},
  publisher={Oxford University Press}
}

@article{kalam2023intermittent,
  title={Intermittent fasting interventions to leverage metabolic and circadian mechanisms for cancer treatment and supportive care outcomes},
  author={Kalam, Faiza and James, Dara L and Li, Yun Rose and Coleman, Michael F and Kiesel, Violet A and Cespedes Feliciano, Elizabeth M and Hursting, Stephen D and Sears, Dorothy D and Kleckner, Amber S},
  journal={JNCI Monographs},
  volume={2023},
  number={61},
  pages={84--103},
  year={2023},
  publisher={Oxford University Press}
}

@article{anemoulis2023intermittent,
  title={Intermittent Fasting in Breast Cancer: A Systematic Review and Critical Update of Available Studies},
  author={Anemoulis, Marios and Vlastos, Antonios and Kachtsidis, Vasileios and Karras, Spyridon N},
  journal={Nutrients},
  volume={15},
  number={3},
  pages={532},
  year={2023},
  publisher={MDPI}
}

@article{leung2017overview,
  title={An overview of factors associated with adherence to lifestyle modification programs for weight management in adults},
  author={Leung, Alice WY and Chan, Ruth SM and Sea, Mandy MM and Woo, Jean},
  journal={International journal of environmental research and public health},
  volume={14},
  number={8},
  pages={922},
  year={2017},
  publisher={MDPI}
}
@article{aycinena2017barriers,
  title={Barriers to recruitment and adherence in a randomized controlled diet and exercise weight loss intervention among minority breast cancer survivors},
  author={Aycinena, A Corina and Valdovinos, Cristina and Crew, Katherine D and Tsai, Wei Yann and Mata, Jennie M and Sandoval, Rossy and Hershman, Dawn and Greenlee, Heather},
  journal={Journal of immigrant and minority health},
  volume={19},
  pages={120--129},
  year={2017},
  publisher={Springer}
}
@article{dent2020factors,
  title={Factors affecting weight loss variability in obesity},
  author={Dent, Robert and McPherson, Ruth and Harper, Mary-Ellen},
  journal={Metabolism},
  volume={113},
  pages={154388},
  year={2020},
  publisher={Elsevier}
}
@article{harvey2023barriers,
  title={Barriers and Facilitators to Adherence to a Mediterranean Diet Intervention during Chemotherapy Treatment: A Qualitative Analysis},
  author={Harvey, Brianna I and Youngblood, Shari M and Kleckner, Amber S},
  journal={Nutrition and Cancer},
  volume={75},
  number={5},
  pages={1349--1360},
  year={2023},
  publisher={Taylor \& Francis}
}
@article{harvie2022randomised,
  title={Randomised controlled trial of intermittent vs continuous energy restriction during chemotherapy for early breast cancer},
  author={Harvie, Michelle and Pegington, Mary and Howell, Sacha J and Bundred, Nigel and Foden, Phil and Adams, Judith and Graves, Lee and Greystoke, Alastair and Mattson, Mark P and Cutler, Roy G and others},
  journal={British Journal of Cancer},
  volume={126},
  number={8},
  pages={1157--1167},
  year={2022},
  publisher={Nature Publishing Group UK London}
}
@article{cortellino2023fasting,
  title={Fasting mimicking diet in mice delays cancer growth and reduces immunotherapy-associated cardiovascular and systemic side effects},
  author={Cortellino, S and Quagliariello, V and Delfanti, G and Bla{\v{z}}evit{\v{s}}, O and Chiodoni, C and Maurea, N and Di Mauro, A and Tatangelo, F and Pisati, F and Shmahala, A and others},
  journal={Nature Communications},
  volume={14},
  number={1},
  pages={5529},
  year={2023},
  publisher={Nature Publishing Group UK London}
}
@article{de2019fasting,
  title={Fasting reduces intestinal radiotoxicity, enabling dose-escalated radiation therapy for pancreatic cancer},
  author={de la Cruz Bonilla, Marimar and Stemler, Kristina M and Jeter-Jones, Sabrina and Fujimoto, Tara N and Molkentine, Jessica and Torres, Gabriela M Asencio and Zhang, Xiaomei and Broaddus, Russell R and Taniguchi, Cullen M and Piwnica-Worms, Helen},
  journal={International Journal of Radiation Oncology* Biology* Physics},
  volume={105},
  number={3},
  pages={537--547},
  year={2019},
  publisher={Elsevier}
}
@article{vega2022po,
  title={PO-1214 Caloric restriction or intermittent fasting in cancer patients receiving curative radiotherapy},
  author={Vega, C and Merino, T},
  journal={Radiotherapy and Oncology},
  volume={170},
  pages={S1028--S1029},
  year={2022},
  publisher={Elsevier}
}
